@article{Cho1999,
  doi = {10.1080/00029890.1999.12005066},
  url = {https://doi.org/10.1080/00029890.1999.12005066},
  year = {1999},
  month = may,
  publisher = {Informa {UK} Limited},
  volume = {106},
  number = {5},
  pages = {440--448},
  author = {Timothy Y. Chow},
  title = {What Is a Closed-Form Number?},
  journal = {The American Mathematical Monthly}
}

@article{BBK2014,
  doi = {10.1016/j.jsc.2013.09.001},
  url = {https://doi.org/10.1016/j.jsc.2013.09.001},
  year = {2014},
  month = jan,
  publisher = {Elsevier {BV}},
  volume = {60},
  pages = {120--136},
  author = {David H. Bailey and Jonathan M. Borwein and Alexander D. Kaiser},
  title = {Automated simplification of large symbolic expressions},
  journal = {Journal of Symbolic Computation}
}

@article{BCP1997,
  doi = {10.1006/jsco.1996.0125},
  url = {https://doi.org/10.1006/jsco.1996.0125},
  year = {1997},
  month = sep,
  publisher = {Elsevier {BV}},
  volume = {24},
  number = {3-4},
  pages = {235--265},
  author = {Wieb Bosma and John Cannon and Catherine Playoust},
  title = {The {M}agma Algebra System {I}: The User Language},
  journal = {Journal of Symbolic Computation}
}

@article{Bos2006,
  doi = {10.1016/j.jsc.2005.07.001},
  url = {https://doi.org/10.1016/j.jsc.2005.07.001},
  year = {2006},
  month = jan,
  publisher = {Elsevier {BV}},
  volume = {41},
  number = {1},
  pages = {1--29},
  author = {Alin Bostan and Philippe Flajolet and Bruno Salvy and {\'{E}}ric Schost},
  title = {Fast computation of special resultants},
  journal = {Journal of Symbolic Computation}
}

@inproceedings{Car2004,
  doi = {10.1145/1005285.1005298},
  url = {https://doi.org/10.1145/1005285.1005298},
  year = {2004},
  publisher = {{ACM} Press},
  author = {Jacques Carette},
  title = {Understanding expression simplification},
  booktitle = {Proceedings of the 2004 international symposium on Symbolic and algebraic computation  - {ISSAC} '04}
}

@article{Cho1999,
  doi = {10.1080/00029890.1999.12005066},
  url = {https://doi.org/10.1080/00029890.1999.12005066},
  year = {1999},
  month = may,
  publisher = {Informa {UK} Limited},
  volume = {106},
  number = {5},
  pages = {440--448},
  author = {Timothy Y. Chow},
  title = {What Is a Closed-Form Number?},
  journal = {The American Mathematical Monthly}
}

@book{Coh1996,
  doi = {10.1007/978-3-662-02945-9},
  url = {https://doi.org/10.1007/978-3-662-02945-9},
  year = {1996},
  publisher = {Springer Berlin Heidelberg},
  author = {Henri Cohen},
  title = {A Course in Computational Algebraic Number Theory}
}

@book{Coh2000,
  doi = {10.1007/978-1-4419-8489-0},
  url = {https://doi.org/10.1007/978-1-4419-8489-0},
  year = {2000},
  publisher = {Springer New York},
  author = {Henri Cohen},
  title = {Advanced Topics in Computional Number Theory}
}

@misc {DGPS2019,
 title = {{\sc Singular} {4-1-2} --- {A} computer algebra system for polynomial computations},
 author = {Decker, Wolfram and Greuel, Gert-Martin and Pfister, Gerhard and Sch\"onemann, Hans},
 year = {2019},
 howpublished = {\url{http://www.singular.uni-kl.de}},
}

@article{Fie2007,
  doi = {10.1080/10586458.2007.10129012},
  url = {https://doi.org/10.1080/10586458.2007.10129012},
  year = {2007},
  month = jan,
  publisher = {Informa {UK} Limited},
  volume = {16},
  number = {4},
  pages = {493--500},
  author = {Claus Fieker},
  title = {Sparse Representation for Cyclotomic Fields},
  journal = {Experimental Mathematics}
}

@inproceedings{Fie2017,
  author = {Claus Fieker and William Hart and Tommy Hofmann and Fredrik Johansson},
  title = {{Nemo/Hecke}: computer algebra and number theory packages for the {J}ulia programming language},
  booktitle = {Proceedings of the 42nd International Symposium on Symbolic and Algebraic Computation},
  series = {ISSAC '17},
  pages = {157--164},
  publisher = {ACM},
%  address = {Kaiserslautern, Germany},
  year = {2017},
}


@book{GCL1992,
  doi = {10.1007/b102438},
  url = {https://doi.org/10.1007/b102438},
  year = {1992},
  publisher = {Springer {US}},
  author = {K. O. Geddes and S. R. Czapor and G. Labahn},
  title = {Algorithms for Computer Algebra}
}

@incollection{Har2010,
  doi = {10.1007/978-3-642-15582-6_18},
  url = {https://doi.org/10.1007/978-3-642-15582-6_18},
  year = {2010},
  publisher = {Springer Berlin Heidelberg},
  pages = {88--91},
  author = {William B. Hart},
  title = {Fast Library for Number Theory: An Introduction},
  booktitle = {Mathematical Software {\textendash} {ICMS} 2010}
}

@article{Har2015,
  title={{ANTIC}: Algebraic number theory in {C}},
  author={William B. Hart},
  journal={Computeralgebra-Rundbrief: Vol. 56},
  year={2015},
  publisher={Gesellschaft f{\"u}r Informatik eV, Fachgruppe Computeralgebra}
}

@incollection{JR1999,
  author = {David J. Jeffrey and Albert D. Rich},
  title = {Simplifying Square Roots of Square Roots by Denesting},
  date = {1999},
  pages = {61â€“72},
  language = {en},
  booktitle = {Computer Algebra Systems: A practical guide}
}

@article{Joh2017,
  doi = {10.1109/tc.2017.2690633},
  url = {https://doi.org/10.1109/tc.2017.2690633},
  year = {2017},
  month = aug,
  publisher = {Institute of Electrical and Electronics Engineers ({IEEE})},
  volume = {66},
  number = {8},
  pages = {1281--1292},
  author = {Fredrik Johansson},
  title = {Arb: Efficient Arbitrary-Precision Midpoint-Radius Interval Arithmetic},
  journal = {{IEEE} Transactions on Computers}
}

@phdthesis{Kau2005,
  author = {Manuel Kauers},
  title = {Algorithms for Nonlinear Higher Order Difference Equations},
  year = {2005},
  address = {RISC, Johannes Kepler University, Linz},
  note = {\url{http://www.algebra.uni-linz.ac.at/people/mkauers/publications/kauers05c.pdf}},
}

@misc{Max2020,
  author = {Maxima},
  year = {2020},
  title = {Maxima, a Computer Algebra System.  Version 5.44.0},
  address = {http://maxima.sourceforge.net/},
  note = {\url{http://maxima.sourceforge.net/}},
}

@article{Meu2017,
 title = {{SymPy: symbolic computing in Python}},
 author = {Aaron Meurer and others},
 year = 2017,
 month = jan,
 volume = 3,
 pages = {e103},
 journal = {PeerJ Computer Science},
 issn = {2376-5992},
 url = {https://doi.org/10.7717/peerj-cs.103},
 doi = {10.7717/peerj-cs.103}
}

@article{Mos1971,
  doi = {10.1145/362637.362648},
  url = {https://doi.org/10.1145/362637.362648},
  year = {1971},
  month = aug,
  publisher = {Association for Computing Machinery ({ACM})},
  volume = {14},
  number = {8},
  pages = {527--537},
  author = {Joel Moses},
  title = {Algebraic simplification: a guide for the perplexed},
  journal = {Communications of the {ACM}}
}

@incollection{Mul2001,
  doi = {10.1007/3-540-45335-0_14},
  url = {https://doi.org/10.1007/3-540-45335-0_14},
  year = {2001},
  publisher = {Springer Berlin Heidelberg},
  pages = {222--252},
  author = {Norbert M\"{u}ller},
  title = {The {iRRAM}: Exact Arithmetic in {C++}},
  booktitle = {Computability and Complexity in Analysis}
}

@manual{Par2019,
  organization = "{The PARI~Group}",
  title        = "{PARI/GP version \texttt{2.11.2}}",
  year         = 2019,
  address      = "University of Bordeaux",
  note         = "available from \url{http://pari.math.u-bordeaux.fr/}"
}

@inproceedings{RF1994,
  doi = {10.1145/190347.190429},
  url = {https://doi.org/10.1145/190347.190429},
  year = {1994},
  publisher = {{ACM} Press},
  author = {Daniel Richardson and John Fitch},
  title = {The identity problem for elementary functions and constants},
  booktitle = {Proceedings of the international symposium on Symbolic and algebraic computation  - {ISSAC} '94}
}

@inproceedings{Ric1992,
  doi = {10.1145/143242.143284},
  url = {https://doi.org/10.1145/143242.143284},
  year = {1992},
  publisher = {{ACM} Press},
  author = {Daniel Richardson},
  title = {The elementary constant problem},
  booktitle = {Papers from the international symposium on Symbolic and algebraic computation  - {ISSAC} '92}
}

@inproceedings{Ric1995,
  doi = {10.1145/220346.220360},
  url = {https://doi.org/10.1145/220346.220360},
  year = {1995},
  publisher = {{ACM} Press},
  author = {Daniel Richardson},
  title = {A simplified method of recognizing zero among elementary constants},
  booktitle = {Proceedings of the 1995 international symposium on Symbolic and algebraic computation  - {ISSAC} '95}
}

@article{Ric1997,
  doi = {10.1006/jsco.1997.0157},
  url = {https://doi.org/10.1006/jsco.1997.0157},
  year = {1997},
  month = dec,
  publisher = {Elsevier {BV}},
  volume = {24},
  number = {6},
  pages = {627--645},
  author = {Daniel Richardson},
  title = {How to Recognize Zero},
  journal = {Journal of Symbolic Computation}
}

@article{Ric2007,
  doi = {10.1007/s11786-007-0002-x},
  url = {https://doi.org/10.1007/s11786-007-0002-x},
  year = {2007},
  month = oct,
  publisher = {Springer Science and Business Media {LLC}},
  volume = {1},
  number = {1},
  pages = {21--37},
  author = {Daniel Richardson},
  title = {Zero Tests for Constants in Simple Scientific Computation},
  journal = {Mathematics in Computer Science}
}

@misc{Ric2009,
  author = {Daniel Richardson},
  title = {Recognising zero among implicitly defined elementary numbers},
  year = {2009},
  howpublished = {Unpublished preprint}
}

@manual{Sag2020,
  key          = {SageMath},
  organization  = {{The Sage Developers}},
  title        = {{S}ageMath, the {S}age {M}athematics {S}oftware {S}ystem ({V}ersion 9.0)},
  year         = 2020,
  note         = \url{https://www.sagemath.org},
}

@incollection{Ste2002,
  doi = {10.1007/3-540-45455-1_38},
  url = {https://doi.org/10.1007/3-540-45455-1_38},
  year = {2002},
  publisher = {Springer Berlin Heidelberg},
  pages = {491--505},
  author = {Allan Steel},
  title = {A New Scheme for Computing with Algebraically Closed Fields},
  booktitle = {Lecture Notes in Computer Science}
}

@article{Ste2010,
  doi = {10.1016/j.jsc.2009.09.005},
  url = {https://doi.org/10.1016/j.jsc.2009.09.005},
  year = {2010},
  month = mar,
  publisher = {Elsevier {BV}},
  volume = {45},
  number = {3},
  pages = {342--372},
  author = {Allan Steel},
  title = {Computing with algebraically closed fields},
  journal = {Journal of Symbolic Computation}
}

@article{Str1997,
  doi = {10.1006/jsco.1997.0158},
  url = {https://doi.org/10.1006/jsco.1997.0158},
  year = {1997},
  month = dec,
  publisher = {Elsevier {BV}},
  volume = {24},
  number = {6},
  pages = {647--656},
  author = {Adam Strzebo{\'{n}}ski},
  title = {Computing in the Field of Complex Algebraic Numbers},
  journal = {Journal of Symbolic Computation}
}

@article{Str2012,
  doi = {10.1016/j.jsc.2011.11.004},
  url = {https://doi.org/10.1016/j.jsc.2011.11.004},
  year = {2012},
  month = mar,
  publisher = {Elsevier {BV}},
  volume = {47},
  number = {3},
  pages = {282--314},
  author = {Adam Strzebo{\'{n}}ski},
  title = {Real root isolation for exp{\textendash}log{\textendash}arctan functions},
  journal = {Journal of Symbolic Computation}
}

@article{vdH2006,
  doi = {10.1016/j.tcs.2005.09.060},
  url = {https://doi.org/10.1016/j.tcs.2005.09.060},
  year = {2006},
  publisher = {Elsevier {BV}},
  volume = {351},
  number = {1},
  pages = {52--60},
  author = {Joris van der Hoeven},
  title = {Computations with effective real numbers},
  journal = {Theoretical Computer Science}
}

@inproceedings{vdH2006b,
  title = {Effective real numbers in {Mmxlib}},
  doi = {10.1145/1145768.1145795},
  url = {https://doi.org/10.1145/1145768.1145795},
  year = {2006},
  publisher = {ACM Press},
  author = {Joris van der Hoeven},
  booktitle = {Proceedings of the 2006 international symposium on Symbolic and algebraic computation  - {ISSAC} '06}
}

@article{Zip1985,
  doi = {10.1016/s0747-7171(85)80014-6},
  url = {https://doi.org/10.1016/s0747-7171(85)80014-6},
  year = {1985},
  month = jun,
  publisher = {Elsevier {BV}},
  volume = {1},
  number = {2},
  pages = {189--210},
  author = {Richard Zippel},
  title = {Simplification of expressions involving radicals},
  journal = {Journal of Symbolic Computation}
}

@inproceedings{Mon2006,
  doi = {10.1145/1145768.1145809},
  url = {https://doi.org/10.1145/1145768.1145809},
  year = {2006},
  publisher = {{ACM} Press},
  author = {Michael Monagan and Roman Pearce},
  title = {Rational simplification modulo a polynomial ideal},
  booktitle = {Proceedings of the 2006 international symposium on Symbolic and algebraic computation  - {ISSAC} '06}
}

@misc{FR2019,
      title={Effective algebraic independence of values of {E}-functions}, 
      author={S Fischler and T. Rivoal},
      year={2019},
      eprint={1906.05589},
      archivePrefix={arXiv},
      primaryClass={math.NT}
}

@conference{vdH1995,
   author    = {Joris van der Hoeven},
   title     = {Automatic numerical expansions},
   booktitle = {Proc. of the conference "Real numbers and computers",
                Saint-\'Etienne, France},
   year      = {1995},
   editor    = {J.-C. Bajard and D. Michelucci and J.-M. Moreau and
                J.-M. M\"uller},
   pages     = {261--274}
}

@inproceedings{Boe2020,
  title={Towards an {API} for the real numbers},
  author={Boehm, Hans-J},
  booktitle={Proceedings of the 41st ACM SIGPLAN Conference on Programming Language Design and Implementation},
  pages={562--576},
  year={2020}
}

@misc{Car2020,
    title = {Zero equivalence in computer algebra systems},
    author = {Jacques Carette},
    howpublished = {Mathematics Stack Exchange, \url{https://math.stackexchange.com/q/3607862}},
    year = {2020},
}

@incollection{Johansson2020,
  doi = {10.1007/978-3-030-52200-1_31},
  url = {https://doi.org/10.1007/978-3-030-52200-1_31},
  year = {2020},
  publisher = {Springer},
  pages = {315--323},
  author = {Fredrik Johansson},
  title = {{FunGrim}: A Symbolic Library for Special Functions},
  booktitle = {Mathematical Software -- ICMS 2020}
}
